@BOOK{Griffiths,
author = "David J. Griffiths",
title = "Introduction to Electrodynamics",
edition = "4",
year = "2013",
adress = "Boston",
publisher = "Pearson Education",
chapter = "1,4",
pages = "",
volume = ""
}

@BOOK{Halliday,
author = "D. Halliday, R. Resnick and K. S. Krane",
title = "Física",
edition = "3",
year = "1994",
adress = "México",
publisher = "Compañía Editorial Continnental",
chapter = "",
pages = "",
volume = "2"
}

@BOOK{Jackson,
author = "John David Jackson",
title = "Classical Electrodynamics",
edition = "3",
year = "1999",
adress = "",
publisher = "John Wiley \& Sons",
chapter = "1",
pages = "29-31",
volume = ""
}


@BOOK{Alvarez,
author = "Luis Alvarez Thon",
title = "Electromagnetismo ",
edition = "",
year = "2014",
adress = "",
publisher = "Departamento de Ciencias Físicas Universidad Andrés Bello",
chapter = "",
pages = "",
volume = ""
}


@BOOK{Villegas,
author = "Jorge Villegas",
title = "Apuntes de Electromagnetismo",
edition = "",
year = "",
adress = "",
publisher = "Departamento de Física Universidad de Concepción",
chapter = "",
pages = "",
volume = ""
}

@article{CODATA,
  title="CODATA Recommended Values of the Fundamental Physical Constants: 2018",
  author="Eite Tiesinga, Peter Mohr, David B. Newell and Barry Taylor",
  journal="Reviews of Modern Physics",
  volume="93",
  number="2",
  pages="44",
  year="2021",
  publisher="the American Physical Society",
  doi = {https://doi.org/10.1103/RevModPhys.93.025010}
}

@misc{Rubilar,
  author        = "G. F. Rubilar",
  title         = "Electrodinámica",
  month         = "",
  year          = "2022",
  organization  = "Departamento de Física, Facultad de Ciencias Físicas y Matemáticas, Universidad de Concepción",
  url = "https://github.com/gfrubi/electrodinamica"
}